
@book{flanders_differential_1989,
	edition = {Second},
	series = {Dover {Books} on {Advanced} {Mathematics}},
	title = {Differential forms with applications to the physical sciences},
	isbn = {978-0-486-66169-8},
	url = {https://mathscinet.ams.org/mathscinet-getitem?mr=1034244},
	urldate = {2020-09-22},
	publisher = {Dover Publications, Inc., New York},
	author = {Flanders, Harley},
	year = {1989},
	mrnumber = {1034244}
}

@book{aguilar_matematicas_2009,
	title = {Matemáticas simplificadas 2ª edición, {CONAMAT}},
	publisher = {México: Pearson},
	author = {Aguilar, A.},
	year = {2009}
}
